%-----------------------------------------------------------------
%	PLANTILLES
%-----------------------------------------------------------------
@article{a:Xarticle,
	author    = {},
	title     = {},
	journal   = {},
	year      = {},
	month     = {},
	%volume    = {},
	%number    = {},
	%pages     = {},
	%note      = {},
}

@book{b:Xbook,
	author    = {},
	title     = {},
	publisher = {},
	%volume    = {},
	%number    = {},
	%series    = {},
	%address   = {},
	%edition   = {},
	year      = {},
	%month     = {},
	%note      = {},
}

@online{o:Xonline,
	author    = {},
	title     = {},
	url       = {}
}
