@book{b:harwit,
	keywords  = {basic},
	author    = {Martin Harwit},
	title     = {{Astrophysical Concepts}},
	publisher = {Springer},
	edition   = {3rd},
	year      = {2000},
	shorthand = {MH}
}

@book{b:karttunen,
	keywords  = {basic},
	%author    = {Hannu Karttunen},
	author    = {Hannu Karttunen and Pekka Kröger and Heikki Oja and Markku Poutanen and Karl Johan Donner},
	title     = {{Fundamental Astronomy}},
	publisher = {Springer},
	edition   = {4th},
	year      = {2003},
	shorthand = {HK}
}

@book{b:kutner,
	keywords  = {basic},
	author    = {Martin L. Kutner},
	title     = {{Astronomy: A Physical Perspective}},
	publisher = {Cambridge University Press},
	edition   = {2nd},
	year      = {2003},
	shorthand = {MK}
}

@book{b:prialnik,
	keywords  = {basic},
	author    = {Dina Prialnik},
	title     = {{An Introduction to the Theory of Stellar Structure and Evolution}},
	publisher = {Cambridge University Press},
	year      = {2000},
	shorthand = {DP}
}

@book{b:ostlie-carroll,
	keywords  = {basic},
	author    = {Dale A. Ostlie and Bradley W. Carroll},
	title     = {{An Introduction to Modern Astrophysics}},
	publisher = {Addison--Wesley},
	edition   = {2nd},
	year      = {2006},
	shorthand = {OC}
}

@book{b:rowan-robinson,
	keywords  = {basic},
	author    = {Michael Rowan-Robinson},
	title     = {{Cosmology}},
	publisher = {Oxford University Press},
	edition   = {4th},
	year      = {2003},
	shorthand = {RR}
}

@book{b:shu,
	keywords  = {basic},
	author    = {Frank H. Shu},
	title     = {{The Physical Universe: An Introduction to Astronomy}},
	publisher = {University Science Books},
	year      = {1982},
	shorthand = {FHS}
}

@book{b:sparke-gallagher,
	keywords  = {basic},
	author    = {Linda S. Sparke and John S. Gallagher},
	title     = {{Galaxies in the Universe: An Introduction}},
	publisher = {Cambridge University Press},
	year      = {2000},
	shorthand = {SG}
}

@book{b:tayler,
	keywords  = {basic},
	author    = {Roger John Tayler},
	title     = {{Galaxies: Structure and Evolution}},
	publisher = {Cambridge University Press},
	year      = {1997},
	shorthand = {RT}
}

@book{b:binney-tremaine,
	keywords  = {advanced},
	author    = {James Binney and Scott Tremaine},
	title     = {{Galactic Dynamics}},
	publisher = {Princeton University Press},
	year      = {1987},
	shorthand = {BT}
}

@book{b:rose,
	keywords  = {advanced},
	author    = {William K. Rose},
	title     = {{Advanced Stellar Astrophysics}},
	publisher = {Cambridge University Press},
	year      = {1998},
	shorthand = {WR}
}

@book{b:padmanabhan,
	keywords  = {advanced},
	author    = { T. Padmanabhan},
	title     = {{Theoretical Astrophysics}},
	publisher = {Cambridge University Press},
	volume    = {1--3},
	year      = {2000},
	shorthand = {TP}
}

@online{o:movie,
	keywords  = {web},
	%author    = {},
	title     = {{The Electronic Universe Project}},
	url       = {http://zebu.uoregon.edu/movie.html}
}

@online{o:astro162,
	keywords  = {web},
	title     = {{Astronomy 162}},
	url       = {http://csep10.phys.utk.edu/astr162/lect/}
}

@online{o:apod,
	keywords  = {web},
	title     = {{Astronomy Picture of the Day}},
	url       = {http://apod.nasa.gov/apod/}
}

@online{o:iac,
	keywords  = {web},
	title     = {{Instituto de Astrofísica de Canarias}},
	url       = {http://www.iac.es}
}

@online{o:oxford,
	keywords  = {web},
	title     = {{Astrophysics: University of Oxford}},
	url       = {http://www-astro.physics.ox.ac.uk}
}

@online{o:sciencedaily,
	keywords  = {web},
	title     = {{ScienceDaily}},
	url       = {http://www.sciencedaily.com/news/space_time/astrophysics/}
}

@online{o:ucla,
	keywords  = {web},
	title     = {{Ned Wright's Cosmology Tutorial}},
	url       = {http://www.astro.ucla.edu/~wright/cosmolog.htm}
}

%-----------------------------------------------------------------
%    PLANTILLES
%-----------------------------------------------------------------

@article{a:Xarticle,
	author    = {},
	title     = {{}},
	journal   = {},
	year      = {},
	month     = {},
	%volume    = {},
	%number    = {},
	%pages     = {},
	%note      = {},
}

@book{b:Xbook,
	author    = {},
	title     = {{}},
	publisher = {},
	%volume    = {},
	%number    = {},
	%series    = {},
	%address   = {},
	%edition   = {},
	year      = {},
	%month     = {},
	%note      = {},
}

@online{o:Xonline,
	author    = {},
	title     = {{}},
	url       = {}
}
