@book{b:steck,
	keywords  = {web},
	author    = {Daniel A. Steck},
	title     = {{Quantum and Atom Optics}},
	publisher = {University of Oregon},
	year      = {2007},
	url       = {http://atomoptics-nas.uoregon.edu/~dsteck/teaching/quantum-optics/quantum-optics-notes.pdf}
}

@book{b:gerry,
	keywords  = {basic},
	author    = {Christopher C. Gerry and Peter L. Knight},
	title     = {{Introductory Quantum Optics}},
	publisher = {Cambridge University Press},
	year      = {2005}
}

@book{b:meystre,
	keywords  = {basic},
	author    = {Pierre Meystre and Murray Sargent~III},
	title     = {{Elements of Quantum Optics}},
	publisher = {Springer},
	edition   = {4th},
	year      = {2007}
}

@book{b:scully,
	keywords  = {basic},
	author    = {Marlan O. Scully and M. Suhail Zubary},
	title     = {{Quantum Optics}},
	publisher = {Cambridge University Press},
	year      = {1997}
}

@book{b:walls,
	keywords  = {basic},
	author    = {Daniel F. Walls and Gerard J. Milburn},
	title     = {{Quantum Optics}},
	publisher = {Springer--Verlag},
	year      = {1994}
}

@book{b:cohen-tannoudji-1,
	keywords  = {advanced},
	author    = {Claude Cohen-Tannoudji and Jacques Dupont-Roc and Gilbert Grynberg},
	title     = {{Photons and Atoms: Introduction to Quantum Electrodynamics}},
	publisher = {John Wiley \& Sons},
	year      = {1997}
}

@book{b:cohen-tannoudji-2,
	keywords  = {advanced},
	author    = {Claude Cohen-Tannoudji and Jacques Dupont-Roc and Gilbert Grynberg},
	title     = {{Atom--Photon Interactions: Basic Processes and Applications}},
	publisher = {John Wiley \& Sons},
	year      = {1998}
}

%-----------------------------------------------------------------
%    PLANTILLES
%-----------------------------------------------------------------

@article{a:Xarticle,
	author    = {},
	title     = {{}},
	journal   = {},
	year      = {},
	month     = {},
	%volume    = {},
	%number    = {},
	%pages     = {},
	%note      = {},
}

@book{b:Xbook,
	author    = {},
	title     = {{}},
	publisher = {},
	%volume    = {},
	%number    = {},
	%series    = {},
	%address   = {},
	%edition   = {},
	year      = {},
	%month     = {},
	%note      = {},
}

@online{o:Xonline,
	author    = {},
	title     = {{}},
	url       = {}
}
