@book{b:frenkel,
	keywords  = {web},
	author    = {Daan Frenkel and Berend Smit},
	title     = {{Understanding Molecular Simulation: From Algorithms to Applications}},
	publisher = {Academic Press},
	edition   = {2nd},
	year      = {2002}
}

%-----------------------------------------------------------------
%    PLANTILLES
%-----------------------------------------------------------------

@article{a:Xarticle,
	author    = {},
	title     = {{}},
	journal   = {},
	year      = {},
	month     = {},
	%volume    = {},
	%number    = {},
	%pages     = {},
	%note      = {},
}

@book{b:Xbook,
	author    = {},
	title     = {{}},
	publisher = {},
	%volume    = {},
	%number    = {},
	%series    = {},
	%address   = {},
	%edition   = {},
	year      = {},
	%month     = {},
	%note      = {},
}

@online{o:Xonline,
	author    = {},
	title     = {{}},
	url       = {}
}
